<?xml version="1.0" encoding="UTF-8"?><collection xmlns="http://www.loc.gov/MARC21/slim"><record><leader>00515nam--2200181-i-4500</leader><controlfield tag="001">000024220</controlfield><controlfield tag="002">20161230</controlfield><controlfield tag="005">20161230201035</controlfield><controlfield tag="008">060222s1000------------r-----000-0-hun-d</controlfield><datafield ind1=" " ind2=" " tag="040"><subfield code="a">IFIN-HH</subfield></datafield><datafield ind1=" " ind2=" " tag="041"><subfield code="a">hun</subfield></datafield><datafield ind1=" " ind2=" " tag="080"><subfield code="a">539.12.161.8</subfield></datafield><datafield ind1="1" ind2=" " tag="100"><subfield code="a">Kis,S Deszo</subfield></datafield><datafield ind1="1" ind2="0" tag="245"><subfield code="a">Az atomenergia-es magkutatas ujabb eredmenyeivol</subfield><subfield code="b">Vol. 7 bevezetes a kiserleti reszecskefizikaba</subfield><subfield code="c">Dezso kiss</subfield></datafield><datafield ind1=" " ind2=" " tag="260"><subfield code="a">Budapest</subfield><subfield code="b">Akademiai Kiado</subfield><subfield code="c">1990</subfield></datafield><datafield ind1=" " ind2=" " tag="300"><subfield code="a">267P</subfield></datafield><datafield ind1=" " ind2=" " tag="852"><subfield code="a">71523</subfield><subfield code="c">539.12.04</subfield></datafield><datafield ind1=" " ind2=" " tag="CAT"><subfield code="a">Sys</subfield><subfield code="c">20120210</subfield><subfield code="h">133056</subfield></datafield></record></collection>